<record><leader>00000cas a22000007a 4500</leader><controlfield tag="001">13039027</controlfield><controlfield tag="008">860120d187u1888iauwr ne      0    0eng d</controlfield><datafield ind1=" " ind2=" " tag="010"><subfield code="a">sn 86061016 </subfield></datafield><datafield ind1=" " ind2=" " tag="040"><subfield code="a">INP</subfield><subfield code="b">eng</subfield><subfield code="c">INP</subfield><subfield code="d">NVF</subfield><subfield code="d">OCLCQ</subfield><subfield code="d">OCLCF</subfield><subfield code="d">OCLCO</subfield></datafield><datafield ind1="1" ind2=" " tag="029"><subfield code="a">AU@</subfield><subfield code="b">000024689583</subfield></datafield><datafield ind1=" " ind2=" " tag="042"><subfield code="a">msc</subfield></datafield><datafield ind1=" " ind2=" " tag="043"><subfield code="a">n-us-ia</subfield></datafield><datafield ind1="0" ind2="4" tag="245"><subfield code="a">The Keokuk constitution.</subfield></datafield><datafield ind1="1" ind2="3" tag="246"><subfield code="a">Weekly constitution</subfield></datafield><datafield ind1="1" ind2="7" tag="246"><subfield code="a">Keokuk weekly constitution</subfield></datafield><datafield ind1=" " ind2=" " tag="260"><subfield code="a">Keokuk, Iowa :</subfield><subfield code="b">Smith, Clendenin &amp; Rees</subfield></datafield><datafield ind1=" " ind2=" " tag="300"><subfield code="a">v. :</subfield><subfield code="b">ill. (chiefly advertisements)</subfield></datafield><datafield ind1=" " ind2=" " tag="310"><subfield code="a">Weekly</subfield></datafield><datafield ind1="1" ind2=" " tag="362"><subfield code="a">Ceased in Mar. 1888.</subfield><subfield code="z">Cf. Bibl. of Iowa newspapers.</subfield></datafield><datafield ind1=" " ind2=" " tag="580"><subfield code="a">Daily ed.: Keokuk daily constitution, &lt;1879&gt;-1888.</subfield></datafield><datafield ind1=" " ind2=" " tag="588"><subfield code="a">Description based on: Vol. 17, no. 47 (July 16, 1879).</subfield></datafield><datafield ind1=" " ind2="0" tag="651"><subfield code="a">Keokuk (Iowa)</subfield><subfield code="v">Newspapers.</subfield></datafield><datafield ind1=" " ind2="7" tag="655"><subfield code="a">Newspapers.</subfield><subfield code="2">fast</subfield><subfield code="0">(OCoLC)fst01423814</subfield></datafield><datafield ind1=" " ind2="7" tag="651"><subfield code="a">Iowa</subfield><subfield code="z">Keokuk.</subfield><subfield code="2">fast</subfield><subfield code="0">(OCoLC)fst01206704</subfield></datafield><datafield ind1=" " ind2=" " tag="752"><subfield code="a">United States</subfield><subfield code="b">Iowa</subfield><subfield code="c">Lee</subfield><subfield code="d">Keokuk.</subfield></datafield><datafield ind1="1" ind2=" " tag="775"><subfield code="t">Keokuk daily constitution</subfield><subfield code="w">(DLC)sn 86061013</subfield></datafield><datafield ind1="0" ind2="0" tag="780"><subfield code="t">Weekly constitution (Keokuk, Iowa)</subfield><subfield code="w">(DLC)sn 84027181</subfield></datafield></record>